@article{Cheng2024,
    author = {Hongrong Cheng and Miao Zhang and Javen Qinfeng Shi},
    title = {A Survey on Deep Neural Network Pruning: Taxonomy, Comparison,
             Analysis, and Recommendations},
    journal = {arXiv},
    year = {2024},
    url = {https://arxiv.org/pdf/2308.06767},
    note = {Version 2, abgerufen am 08.02.2025},
}

@article{Clark2019,
    author = {Christopher Clark and Kenton Lee and Ming-Wei Chang and Tom
              Kwiatkowski and Michael Collins and Kristina Toutanova},
    title = {BoolQ: Exploring the Surprising Difficulty of Natural Yes/No
             Questions},
    journal = {arXiv},
    year = {2019},
    url = {https://arxiv.org/pdf/1905.10044},
    note = {abgerufen am 21.02.2025},
}

@article{Clark_etal2019,
    author = {Peter Clark and Isaak Cowhey and Oren Etzioni and Tushar Khot and
              Ashish Sabharwal and Carissa Schoenick and Oyvind Tafjord},
    title = {Think you have Solved Question Answering? Try ARC, the AI2
             Reasoning Challenge},
    journal = {arXiv},
    year = {2019},
    url = {https://arxiv.org/pdf/1803.05457},
    note = {abgerufen am 21.02.2025},
}

@article{He2023,
    author = {Yang He and Lingao Xiao},
    title = {Structured Pruning for Deep Convolutional Neural Networks: A survey
             },
    journal = {arXiv},
    year = {2023},
    url = {https://arxiv.org/pdf/2303.00566},
    note = {Version 2, abgerufen am 30.01.2025},
}

@article{Hu2024,
    author = {Mengya Mia Hu and Rui Xu and Deren Lei and Yaxi Li and Mingyu Wang
              and Emily Ching and Eslam Kamal and Alex Deng},
    title = {SLM Meets LLM: Balancing Latency, Interpretability and Consistency
             in Hallucination Detection},
    journal = {arXiv},
    year = {2024},
    url = {https://arxiv.org/pdf/2408.12748},
    note = {Version 1, abgerufen am 29.01.2025},
}

@article{Huang2024,
    author = {Lei Huang and Weijiang Yu and Weitao Ma and Weihong Zhong and
              Zhangyin Feng and Haotian Wang and Qianglong Chen and Weihua Peng
              and Xiaocheng Feng and Bing Qin and Ting Liu},
    title = {A Survey on Hallucination in Large Language Models: Principles,
             Taxonomy, Challenges, and Open Questions},
    journal = {arXiv},
    year = {2024},
    url = {https://arxiv.org/pdf/2311.05232},
    note = {Version 2, abgerufen am 29.01.2025},
}

@misc{Kelbert2023,
    author = {Patricia Kelbert and Julien Siebert and Lisa JÃ¶ckel},
    title = {Was sind Large Language Models? Und was ist bei der Nutzung von
             KI-Sprachmodellen zu beachten?},
    howpublished = {\url{
                    https://www.iese.fraunhofer.de/blog/large-language-models-ki-sprachmodelle/
                    }},
    year = {2023},
    note = {abgerufen am 29.01.2025},
}

@article{Li2022,
    author = {Yawei Li and Kamil Adamczewski and Wen Li and Shuhang Gu and Radu
              Timofte and Luc Van Gool},
    title = {Revisiting Random Channel Pruning for Neural Network Compression},
    journal = {arXiv},
    year = {2022},
    url = {https://arxiv.org/pdf/2205.05676},
    note = {abgerufen am 08.02.2025},
}

@misc{Lu2024,
  author = {Lu, Qinghua and Zhu, Liming and Xu, Xiwei and Liu, Yue and Xing, Zhenchang and Whittle, Jon},
  title = {A TAXONOMY OF FOUNDATION MODEL BASED SYSTEMS THROUGH THE LENS OF SOFTWARE ARCHITECTURE},
  year = {2024},
  howpublished = {\url{https://arxiv.org/pdf/2305.05352v6}},
  note = {Version 1 vom 22.01.2024, abgerufen am 29.01.2025},
}

@article{Mihaylov2018,
    author = {Todor Mihaylov and Peter Clark and Tushar Khot and Ashish
              Sabharwal},
    title = {Can a Suit of Armor Conduct Electricity? A New Dataset for Open
             Book Question Answering},
    journal = {arXiv},
    year = {2018},
    url = {https://export.arxiv.org/pdf/1809.02789v1.pdf},
    note = {abgerufen am 22.02.2025},
}

